@article{ieee754-2008,
  title={IEEE standard for floating-point arithmetic},
  author={Zuras, Dan and Cowlishaw, Mike and Aiken, Alex and Applegate, Matthew and Bailey, David and Bass, Steve and Bhandarkar, Dileep and Bhat, Mahesh and Bindel, David and Boldo, Sylvie and others},
  journal={IEEE Std 754-2008},
  pages={1--70},
  year={2008},
  publisher={IEEE}
}

@inproceedings{fptaylor,
  title={Rigorous estimation of floating-point round-off errors with symbolic taylor expansions},
  author={Solovyev, Alexey and Jacobsen, Charles and Rakamari{\'c}, Zvonimir and Gopalakrishnan, Ganesh},
  booktitle={International Symposium on Formal Methods},
  pages={532--550},
  year={2015},
  organization={Springer}
}

@inproceedings{rosa,
  title={Sound compilation of reals},
  author={Darulova, Eva and Kuncak, Viktor},
  booktitle={Acm Sigplan Notices},
  volume={49},
  number={1},
  pages={235--248},
  year={2014},
  organization={ACM}
}

@inproceedings{fluctuat,
  title={Static analysis of finite precision computations},
  author={Goubault, Eric and Putot, Sylvie},
  booktitle={International Workshop on Verification, Model Checking, and Abstract Interpretation},
  pages={232--247},
  year={2011},
  organization={Springer}
}

@article{benz2012dynamic,
  title={A dynamic program analysis to find floating-point accuracy problems},
  author={Benz, Florian and Hildebrandt, Andreas and Hack, Sebastian},
  journal={ACM SIGPLAN Notices},
  volume={47},
  number={6},
  pages={453--462},
  year={2012},
  publisher={ACM}
}

@article{herbgrind,
  title={Finding root causes of floating point error with herbgrind},
  author={Sanchez-Stern, Alex and Panchekha, Pavel and Lerner, Sorin and Tatlock, Zachary},
  journal={arXiv preprint arXiv:1705.10416},
  year={2017}
}

@article{beating754,
  title={Beating floating point at its own game: Posit arithmetic},
  author={Gustafson, John L and Yonemoto, Isaac T},
  journal={Supercomputing Frontiers and Innovations},
  volume={4},
  number={2},
  pages={71--86},
  year={2017}
}